%YAML 1.1
%TAG !u! tag:unity3d.com,2011:
--- !u!244 &-4754898813785995145
AudioMixerEffectController:
  m_ObjectHideFlags: 3
  m_CorrespondingSourceObject: {fileID: 0}
  m_PrefabInstance: {fileID: 0}
  m_PrefabAsset: {fileID: 0}
  m_Name: 
  m_EffectID: c4289c6ad763da140adc6c0413fb6def
  m_EffectName: Attenuation
  m_MixLevel: d1735dfb9714e964eac3126efebf7add
  m_Parameters: []
  m_SendTarget: {fileID: 0}
  m_EnableWetMix: 0
  m_Bypass: 0
--- !u!243 &-4079427425715374156
AudioMixerGroupController:
  m_ObjectHideFlags: 0
  m_CorrespondingSourceObject: {fileID: 0}
  m_PrefabInstance: {fileID: 0}
  m_PrefabAsset: {fileID: 0}
  m_Name: Gunshot sounds
  m_AudioMixer: {fileID: 24100000}
  m_GroupID: 552f08f5417850d47901633be06f6af1
  m_Children: []
  m_Volume: b02d4b87d8e5c774cadada5ce1db859e
  m_Pitch: b3816b6155c12e9449e05dff35469ef1
  m_Send: 00000000000000000000000000000000
  m_Effects:
  - {fileID: -4754898813785995145}
  m_UserColorIndex: 0
  m_Mute: 0
  m_Solo: 0
  m_BypassEffects: 0
--- !u!241 &24100000
AudioMixerController:
  m_ObjectHideFlags: 0
  m_CorrespondingSourceObject: {fileID: 0}
  m_PrefabInstance: {fileID: 0}
  m_PrefabAsset: {fileID: 0}
  m_Name: MainMixer
  m_OutputGroup: {fileID: 0}
  m_MasterGroup: {fileID: 24300002}
  m_Snapshots:
  - {fileID: 24500006}
  m_StartSnapshot: {fileID: 24500006}
  m_SuspendThreshold: -80
  m_EnableSuspend: 1
  m_UpdateMode: 0
  m_ExposedParameters: []
  m_AudioMixerGroupViews:
  - guids:
    - f887f9c0cc69d0a479e631096cb4bb58
    - 552f08f5417850d47901633be06f6af1
    name: View
  m_CurrentViewIndex: 0
  m_TargetSnapshot: {fileID: 24500006}
--- !u!243 &24300002
AudioMixerGroupController:
  m_ObjectHideFlags: 0
  m_CorrespondingSourceObject: {fileID: 0}
  m_PrefabInstance: {fileID: 0}
  m_PrefabAsset: {fileID: 0}
  m_Name: Master
  m_AudioMixer: {fileID: 24100000}
  m_GroupID: f887f9c0cc69d0a479e631096cb4bb58
  m_Children:
  - {fileID: -4079427425715374156}
  m_Volume: 5291031f47cbe834ba961ccf2f73b886
  m_Pitch: ebeaccf4748405248a5e2a06b0523025
  m_Send: 00000000000000000000000000000000
  m_Effects:
  - {fileID: 24400004}
  m_UserColorIndex: 0
  m_Mute: 0
  m_Solo: 0
  m_BypassEffects: 0
--- !u!244 &24400004
AudioMixerEffectController:
  m_ObjectHideFlags: 3
  m_CorrespondingSourceObject: {fileID: 0}
  m_PrefabInstance: {fileID: 0}
  m_PrefabAsset: {fileID: 0}
  m_Name: 
  m_EffectID: 8c1240f7a1f8a824c872455c2504cf20
  m_EffectName: Attenuation
  m_MixLevel: a6398289018721b4ca8c70019fb22659
  m_Parameters: []
  m_SendTarget: {fileID: 0}
  m_EnableWetMix: 0
  m_Bypass: 0
--- !u!245 &24500006
AudioMixerSnapshotController:
  m_ObjectHideFlags: 0
  m_CorrespondingSourceObject: {fileID: 0}
  m_PrefabInstance: {fileID: 0}
  m_PrefabAsset: {fileID: 0}
  m_Name: Snapshot
  m_AudioMixer: {fileID: 24100000}
  m_SnapshotID: 5bf5ea96c52147447bf2eb2517ef10b3
  m_FloatValues:
    b02d4b87d8e5c774cadada5ce1db859e: -0.08374829
  m_TransitionOverrides: {}
